@ARTICLE{johnston07,
   author = {{Johnston}, S. and {Bailes}, M. and {Bartel}, N. and {Baugh}, C. and 
    {Bietenholz}, M. and {Blake}, C. and {Braun}, R. and {Brown}, J. and 
    {Chatterjee}, S. and {Darling}, J. and {Deller}, A. and {Dodson}, R. and 
    {Edwards}, P.~G. and {Ekers}, R. and {Ellingsen}, S. and {Feain}, I. and 
    {Gaensler}, B.~M. and {Haverkorn}, M. and {Hobbs}, G. and {Hopkins}, A. and 
    {Jackson}, C. and {James}, C. and {Joncas}, G. and {Kaspi}, V. and 
    {Kilborn}, V. and {Koribalski}, B. and {Kothes}, R. and {Landecker}, T.~L. and 
    {Lenc}, E. and {Lovell}, J. and {Macquart}, J.-P. and {Manchester}, R. and 
    {Matthews}, D. and {McClure-Griffiths}, N.~M. and {Norris}, R. and 
    {Pen}, U.-L. and {Phillips}, C. and {Power}, C. and {Protheroe}, R. and 
    {Sadler}, E. and {Schmidt}, B. and {Stairs}, I. and {Staveley-Smith}, L. and 
    {Stil}, J. and {Taylor}, R. and {Tingay}, S. and {Tzioumis}, A. and 
    {Walker}, M. and {Wall}, J. and {Wolleben}, M.},
    title = "{Science with the Australian Square Kilometre Array Pathfinder}",
  journal = {\pasa},
archivePrefix = "arXiv",
   eprint = {0711.2103},
 keywords = {telescopes},
     year = 2007,
    month = dec,
   volume = 24,
    pages = {174-188},
      doi = {10.1071/AS07033},
   adsurl = {http://adsabs.harvard.edu/abs/2007PASA...24..174J},
  adsnote = {Provided by the SAO/NASA Astrophysics Data System}
}

@INPROCEEDINGS{verheijen08,
   author = {{Verheijen}, M.~A.~W. and {Oosterloo}, T.~A. and {van Cappellen}, W.~A. and 
    {Bakker}, L. and {Ivashina}, M.~V. and {van der Hulst}, J.~M.
    },
    title = "{Apertif, a focal plane array for the WSRT}",
 keywords = {Radio telescopes and instrumentation, heterodyne receivers, Astronomical observations, Origin formation evolution age and star formation, Distances redshifts radial velocities, spatial distribution of galaxies, Astronomical catalogs atlases sky surveys databases retrieval systems archives etc.},
booktitle = {AIP Conf. Ser. 1035, The Evolution of Galaxies Through the Neutral Hydrogen Window},
     year = 2008,
   volume = 1035,
    pages = {265-271},
   adsurl = {http://adsabs.harvard.edu/abs/2008AIPC.1035..265V},
  adsnote = {Provided by the SAO/NASA Astrophysics Data Syst
  em}
}

@ARTICLE{norris11,
   author = {{Norris}, R.~P. and {Hopkins}, A.~M. and {Afonso}, J. and {Brown}, S. and 
    {Condon}, J.~J. and {Dunne}, L. and {Feain}, I. and {Hollow}, R. and 
    {Jarvis}, M. and {Johnston-Hollitt}, M. and {Lenc}, E. and {Middelberg}, E. and 
    {Padovani}, P. and {Prandoni}, I. and {Rudnick}, L. and {Seymour}, N. and 
    {Umana}, G. and {Andernach}, H. and {Alexander}, D.~M. and {Appleton}, P.~N. and 
    {Bacon}, D. and {Banfield}, J. and {Becker}, W. and {Brown}, M.~J.~I. and 
    {Ciliegi}, P. and {Jackson}, C. and {Eales}, S. and {Edge}, A.~C. and 
    {Gaensler}, B.~M. and {Giovannini}, G. and {Hales}, C.~A. and 
    {Hancock}, P. and {Huynh}, M.~T. and {Ibar}, E. and {Ivison}, R.~J. and 
    {Kennicutt}, R. and {Kimball}, A.~E. and {Koekemoer}, A.~M. and 
    {Koribalski}, B.~S. and {L{\'o}pez-S{\'a}nchez}, {\'A}.~R. and 
    {Mao}, M.~Y. and {Murphy}, T. and {Messias}, H. and {Pimbblet}, K.~A. and 
    {Raccanelli}, A. and {Randall}, K.~E. and {Reiprich}, T.~H. and 
    {Roseboom}, I.~G. and {R{\"o}ttgering}, H. and {Saikia}, D.~J. and 
    {Sharp}, R.~G. and {Slee}, O.~B. and {Smail}, I. and {Thompson}, M.~A. and 
    {Urquhart}, J.~S. and {Wall}, J.~V. and {Zhao}, G.-B.},
    title = "{EMU: Evolutionary Map of the Universe}",
  journal = {\pasa},
archivePrefix = "arXiv",
   eprint = {1106.3219},
 keywords = {telescopes, surveys, stars: activity,  galaxies: evolution, galaxies: formation,  cosmology: observations, radio continuum: general},
     year = 2011,
    month = aug,
   volume = 28,
    pages = {215-248},
      doi = {10.1071/AS11021},
   adsurl = {http://adsabs.harvard.edu/abs/2011PASA...28..215N},
  adsnote = {Provided by the SAO/NASA Astrophysics Data System}
}

@ARTICLE{banfield15,
   author = {{Banfield}, J.~K. and {Wong}, O.~I. and {Willett}, K.~W. and 
    {Norris}, R.~P. and {Rudnick}, L. and {Shabala}, S.~S. and {Simmons}, B.~D. and 
    {Snyder}, C. and {Garon}, A. and {Seymour}, N. and {Middelberg}, E. and 
    {Andernach}, H. and {Lintott}, C.~J. and {Jacob}, K. and {Kapi{\'n}ska}, A.~D. and 
    {Mao}, M.~Y. and {Masters}, K.~L. and {Jarvis}, M.~J. and {Schawinski}, K. and 
    {Paget}, E. and {Simpson}, R. and {Kl{\"o}ckner}, H.-R. and 
    {Bamford}, S. and {Burchell}, T. and {Chow}, K.~E. and {Cotter}, G. and 
    {Fortson}, L. and {Heywood}, I. and {Jones}, T.~W. and {Kaviraj}, S. and 
    {L{\'o}pez-S{\'a}nchez}, {\'A}.~R. and {Maksym}, W.~P. and {Polsterer}, K. and 
    {Borden}, K. and {Hollow}, R.~P. and {Whyte}, L.},
    title = "{Radio Galaxy Zoo: host galaxies and radio morphologies derived from visual inspection}",
  journal = {\mnras},
archivePrefix = "arXiv",
   eprint = {1507.07272},
 keywords = {methods: data analysis, infrared: galaxies, radio continuum: galaxies},
     year = 2015,
    month = nov,
   volume = 453,
    pages = {2326-2340},
      doi = {10.1093/mnras/stv1688},
   adsurl = {http://adsabs.harvard.edu/abs/2015MNRAS.453.2326B},
  adsnote = {Provided by the SAO/NASA Astrophysics Data System}
}

@ARTICLE{rottgering11,
   author = {{R{\"o}ttgering}, H. and {Afonso}, J. and {Barthel}, P. and 
    {Batejat}, F. and {Best}, P. and {Bonafede}, A. and {Br{\"u}ggen}, M. and 
    {Brunetti}, G. and {Chy{\.z}y}, K. and {Conway}, J. and {Gasperin}, F.~D. and 
    {Ferrari}, C. and {Haverkorn}, M. and {Heald}, G. and {Hoeft}, M. and 
    {Jackson}, N. and {Jarvis}, M. and {Ker}, L. and {Lehnert}, M. and 
    {Macario}, G. and {McKean}, J. and {Miley}, G. and {Morganti}, R. and 
    {Oosterloo}, T. and {Orr{\`u}}, E. and {Pizzo}, R. and {Rafferty}, D. and 
    {Shulevski}, A. and {Tasse}, C. and {Bemmel}, I.~V. and {van der Tol}, B. and 
    {van Weeren}, R. and {Verheijen}, M. and {White}, G. and {Wise}, M.
    },
    title = "{LOFAR and APERTIF Surveys of the Radio Sky: Probing Shocks and Magnetic Fields in Galaxy Clusters}",
  journal = {Journal of Astrophysics and Astronomy},
archivePrefix = "arXiv",
   eprint = {1107.1606},
 keywords = {Galaxies, clusters, general, intracluster medium, radio continuum: galaxies, radio telescopes},
     year = 2011,
    month = dec,
   volume = 32,
    pages = {557-566},
      doi = {10.1007/s12036-011-9129-x},
   adsurl = {http://adsabs.harvard.edu/abs/2011JApA...32..557R},
  adsnote = {Provided by the SAO/NASA Astrophysics Data System}
}
